<?xml version="1.0" encoding="UTF-8"?><collection xmlns="http://www.loc.gov/MARC21/slim"><record><leader>00411nam--2200157-i-4500</leader><controlfield tag="001">000005839</controlfield><controlfield tag="002">20161230</controlfield><controlfield tag="005">20170126004748</controlfield><controlfield tag="008">060222s1000------------r-----000-0-eng-d</controlfield><datafield ind1=" " ind2=" " tag="100"><subfield code="a">Biltz, H</subfield></datafield><datafield ind1=" " ind2=" " tag="245"><subfield code="a">Experimentelle einfuhrung in die anorganischen chemie</subfield></datafield><datafield ind1=" " ind2=" " tag="260"><subfield code="a">Berlin</subfield><subfield code="b">Walter De Gruyter And Co</subfield><subfield code="c">1961</subfield></datafield><datafield ind1=" " ind2=" " tag="300"><subfield code="a">XI + 214 p</subfield></datafield><datafield ind1=" " ind2=" " tag="700"><subfield code="a">Klemm, W</subfield></datafield><datafield ind1=" " ind2=" " tag="852"><subfield code="a">17266</subfield></datafield><datafield ind1=" " ind2=" " tag="CAT"><subfield code="a">SYS</subfield><subfield code="c">20170126</subfield><subfield code="h">004748</subfield></datafield></record></collection>